<?xml version="1.0" encoding="UTF-8"?><collection xmlns="http://www.loc.gov/MARC21/slim"><record><leader>00377nam--2200145-i-4500</leader><controlfield tag="001">000039914</controlfield><controlfield tag="002">20161230</controlfield><controlfield tag="005">20161230201042</controlfield><controlfield tag="008">060222s1000------------r-----000-0-eng-d</controlfield><datafield ind1=" " ind2=" " tag="080"><subfield code="a">517.980.6</subfield></datafield><datafield ind1=" " ind2=" " tag="100"><subfield code="a">Ruhl,W</subfield></datafield><datafield ind1=" " ind2=" " tag="245"><subfield code="a">The lorentz group and harmonic analysis</subfield></datafield><datafield ind1=" " ind2=" " tag="260"><subfield code="a">New York, W.A.Benjamin,Inc.,1970. 299 P</subfield></datafield><datafield ind1=" " ind2=" " tag="490"><subfield code="a">The Math.Ph.Monograph Series</subfield></datafield><datafield ind1=" " ind2=" " tag="852"><subfield code="a">35526</subfield></datafield></record></collection>